<?xml version="1.0" encoding="UTF-8"?><collection xmlns="http://www.loc.gov/MARC21/slim"><record><leader>00370nam--2200133-i-4500</leader><controlfield tag="001">000042870</controlfield><controlfield tag="002">20161230</controlfield><controlfield tag="005">20161230201043</controlfield><controlfield tag="008">060222s1000------------r-----000-0-eng-d</controlfield><datafield ind1=" " ind2=" " tag="100"><subfield code="a">Stere,R</subfield></datafield><datafield ind1=" " ind2=" " tag="245"><subfield code="a">Elementele dispozitivelor de automatizare</subfield></datafield><datafield ind1=" " ind2=" " tag="260"><subfield code="a">Bucuresti, Asit, 1960. 144 P.Lito</subfield></datafield><datafield ind1=" " ind2=" " tag="490"><subfield code="a">Cursurile De Perfectionare A Ing.Seria Automatizare</subfield></datafield><datafield ind1=" " ind2=" " tag="852"><subfield code="a">7431</subfield></datafield></record></collection>